<?xml version="1.0" encoding="UTF-8"?><collection xmlns="http://www.loc.gov/MARC21/slim"><record><leader>00455nam--2200157-i-4500</leader><controlfield tag="001">000042697</controlfield><controlfield tag="002">20161230</controlfield><controlfield tag="005">20170113005351</controlfield><controlfield tag="008">060222s1000------------r-----000-0-eng-d</controlfield><datafield ind1=" " ind2=" " tag="080"><subfield code="a">531.19</subfield></datafield><datafield ind1=" " ind2=" " tag="245"><subfield code="a">Statisctical mechanics and statistical methods in theory and application. A tribute do Elliott W.Montroll</subfield></datafield><datafield ind1=" " ind2=" " tag="260"><subfield code="a">New York</subfield><subfield code="b">Plenum Press</subfield><subfield code="c">1976</subfield></datafield><datafield ind1=" " ind2=" " tag="300"><subfield code="a">XI + 814 p</subfield></datafield><datafield ind1=" " ind2=" " tag="700"><subfield code="a">Kandman, Uzi</subfield></datafield><datafield ind1=" " ind2=" " tag="852"><subfield code="a">47263</subfield></datafield><datafield ind1=" " ind2=" " tag="CAT"><subfield code="a">SYS</subfield><subfield code="c">20170113</subfield><subfield code="h">005351</subfield></datafield></record></collection>